/* ----------
/* Journal */
/* ----------

  @article{Reference1,
	Author = {R. Fielding, J. Mogul and J. Gettys},
	Journal = {Request for Comments 2616},
	Month = {September},
	Number = {},
	Numpages = {},
	Pages = {},
	Title = {Hypertext Transfer Protocol -- HTTP/1.1 },
	Volume = {1.4 Overall operation},
	Url = {http://goo.gl/f0ajSb},
	Year = {2004}}
	
  @article{Reference2,
	Author = {Eliot Estep},
	Journal = {Master thesis},
	Month = {June},
	Number = {},
	Numpages = {},
	Pages = {},
	Title = {Mobile HTML5: Efficiency and Performance of WebSockets and Server-Sent Events},
	Volume = {3.3 Web techniques},
	Url = {http://goo.gl/n0TTHo},
	Year = {2013}}
	
	@article{Reference3,
	Author = {Eero Aho, Kimmo Kuusilinna, Tomi Aarnio, Janne Pietiäinen, Jari Nikara},
	Journal = {Embedded Systems for Real-time Multimedia},
	Month = {October},
	Number = {},
	Numpages = {},
	Pages = {57--66},
	Title = {Towards real-time applications in mobile web browsers},
	Volume = {},
	Url = {http://goo.gl/YK0lNT}, 
	Year = {2012}}
	
	@article{Reference4,
	Author = {Mikaël Bourges-Sévenier},
	Journal = {Special Interest Group on GRAPHics and Interactive Technique conference},
	Month = {October},
	Number = {},
	Numpages = {},
	Pages = {},
	Title = {Graphics Programming on the Web, WebCL Course Note},
	Volume = {},
  Url = {http://goo.gl/98JGPm}, 
	Year = {2012}}
	
	@article{Reference5,
	Author = {John E. Stone, David Gohara, and Guochun Shi},
	Journal = {Computing in Science \& Engineering},
	Month = {June},
	Number = {},
	Numpages = {},
	Pages = {66-73},
	Title = {OpenCL: A parallel programming standard for heterogeneous computing systems},
	Volume = {12},
	Url = {http://goo.gl/zRyXiq}, 
	Year = {2010}}
	
	@article{Reference6,
	Author = {Won Jeon, Tasneem Brutch and Simon Gibbs},
	Journal = {Tizen developer conference},
	Month = {May},
	Number = {},
	Numpages = {},
	Pages = {},
	Title = {WebCL for Hardware-Accelerated Web Applications},
	Volume = {},
	Url = {http://goo.gl/PUao7v}, 
	Year = {2012}}
	
	@article{Reference7,
	Author = {A. Barak and A. Shiloh},
	Journal = {Mosix white paper},
	Month = {},
	Number = {},
	Numpages = {},
	Pages = {},
	Title = {The VirtualCL (VCL) Cluster Platform},
	Volume = {},
	Url = {http://goo.gl/eSXKgZ}, 
	Year = {2012}}
	
	@article{Reference8,
	Author = {Nathan T Hayes},
	Journal = {Sunfish white paper},
	Month = {February},
	Number = {},
	Numpages = {},
	Pages = {},
	Title = {High Performance Parallel Computing in the Motion Picture Industry},
	Volume = {},
	Url = {http://goo.gl/FXWGcg}, 
	Year = {2012}}
	
	@article{Reference9,
	Author = {Yuan Shi},
	Journal = {},
	Month = {October},
	Number = {},
	Numpages = {},
	Pages = {},
	Title = {Reevaluating Amdahl's Law and Gustafson's Law},
	Volume = {},
	Url = {http://goo.gl/JCChOc}, 
	Year = {1996}}
	
	@article{Reference10,
	Author = {Gene M. Amdahl},
	Journal = {AFIPS Conference Proceedings},
	Month = {},
	Number = {},
	Numpages = {},
	Pages = {483--485},
	Title = {Validity of the single processor approach to achieving large scale computing capabilities},
	Volume = {},
	Url = {http://goo.gl/k4F2aQ}, 
	Year = {1967}}
	
	@article{Reference11,
	Author = {Nikolai Qveflander},
	Journal = {Master thesis},
	Month = {},
	Number = {},
	Numpages = {},
	Pages = {},
	Title = {Pushing real time data using HTML5 WebSockets},
	Volume = {},
	Url = {http://goo.gl/ujiLa8}, 
	Year = {2010}}
		
	@article{Reference12,
	Author = {I. Fette and A. Melkinov},
	Journal = {Request for Comments 6455},
	Month = {December},
	Number = {},
	Numpages = {},
	Pages = {},
	Title = {The WebSocket Protocol},
	Volume = {},
	Url = {http://goo.gl/4A7zlK}, 
	Year = {2011}}

	@article{Reference13,
	Author = {Kaazing company},
	Journal = {white paper},
	Month = {},
	Title = {Fastest million},
	Url = {http://goo.gl/PsNNur}, 
	Year = {2012}}

/* ------------
/* WEB PAGES */
/* ------------

  @article{Reference30,
	Author = {Tobias Oberstein},
	Journal = {Tavendo},
	Month = {January},
	Title = {Dissecting WebSocket's Overhead},
	Url = {http://goo.gl/hPFoqq},
	Year = {2014}}


  @article{Reference32,
	Author = {Peter Lubbers and Frank Greco},
	Month = {March},
	Title = {HTML5 Web Sockets: A Quantum Leap in Scalability for the Web},
	Url = {http://www.websocket.org/quantum.html},
	Year = {2010}}
	
	@article{Reference33,
	Author = {Peter Bright},
	Journal = {ars technica},
	Month = {March},
	Title = {Khronos publishes a range of specs to take GPU computing to the Web},
	Url = {http://goo.gl/WVHEJa},
	Year = {2014}}
	
	@article{Reference34,
	Author = {Aaeter Suleman},
	Journal = {Future chips},
	Month = {June},
	Title = {Parallel programming: When Amdahl's law is inapplicable},
	Url = {http://goo.gl/LPwcpt},
	Year = {2011}}
	
	@article{Reference35,
	Author = {Tomislav Capan},
	Journal = {toptal},
	Month = {February},
	Title = {Why the hell would I use Node.js},
	Url = {http://goo.gl/bDMKeS},
	Year = {2013}}
	
	@article{Reference36,
	Author = {Deniz Ozger},
	Journal = {medium},
	Month = {January},
	Title = {Finding the right Node.js WebSocket implementation},
	Url = {http://goo.gl/VvXLKh},
	Year = {2014}}
	
	@article{Reference37,
	Author = {Mikito Takada},
	Journal = {Mixu's tech},
	Month = {February},
	Title = {Understanding the node.js event loop},
	Url = {http://goo.gl/5yAspS},
	Year = {2011}}
	
	@article{Reference38,
	Author = {Jonathan Gros-Dubois},
	Journal = {Github},
	Month = {September},
	Title = {Highly scalable realtime WebSocket engine based on Engine.io},
	Url = {https://github.com/topcloud/socketcluster},
	Year = {2013}}
	
	
	@article{Reference39,
	Author = {},
	Journal = {highscalabilty.com},
	Month = {May},
	Title = {The secret to 10 million concurrent connections},
	Url = {http://goo.gl/aUdP5l},
	Year = {2013}}
	

	

	
